<record><leader>00000cas a2200000 a 4500</leader><controlfield tag="001">8807520</controlfield><controlfield tag="008">820925d1932197ukyuwr ne      0   a0eng  </controlfield><datafield ind1=" " ind2=" " tag="010"><subfield code="a">sn 82015005 </subfield></datafield><datafield ind1=" " ind2=" " tag="040"><subfield code="a">DLC</subfield><subfield code="b">eng</subfield><subfield code="c">DLC</subfield><subfield code="d">KNP</subfield><subfield code="d">DLC</subfield><subfield code="d">KNP</subfield><subfield code="d">OCL</subfield><subfield code="d">OCLCQ</subfield><subfield code="d">KYUBL</subfield><subfield code="d">OCLCO</subfield><subfield code="d">OCLCQ</subfield><subfield code="d">OCLCF</subfield></datafield><datafield ind1="1" ind2=" " tag="029"><subfield code="a">AU@</subfield><subfield code="b">000025825670</subfield></datafield><datafield ind1=" " ind2=" " tag="042"><subfield code="a">msc</subfield></datafield><datafield ind1=" " ind2=" " tag="043"><subfield code="a">n-us-ky</subfield></datafield><datafield ind1="0" ind2="0" tag="050"><subfield code="a">Newspaper 7885-X</subfield></datafield><datafield ind1="0" ind2=" " tag="130"><subfield code="a">Messenger (Central City, Ky.)</subfield></datafield><datafield ind1="1" ind2="4" tag="245"><subfield code="a">The messenger.</subfield></datafield><datafield ind1=" " ind2=" " tag="260"><subfield code="a">Central City, Ky. :</subfield><subfield code="b">J.L. Fentress</subfield></datafield><datafield ind1=" " ind2=" " tag="300"><subfield code="a">v.</subfield></datafield><datafield ind1=" " ind2=" " tag="310"><subfield code="a">Weekly</subfield></datafield><datafield ind1="1" ind2=" " tag="362"><subfield code="a">Began in 1932; ceased in 1971?</subfield></datafield><datafield ind1=" " ind2=" " tag="500"><subfield code="a">"Republican."</subfield></datafield><datafield ind1=" " ind2=" " tag="580"><subfield code="a">Rudd E. Reno bought this paper in 1932. He bought the Times-Argus in 1938 and began publishing both papers (Messenger on Thursday; Times-Argus on Friday), each with essentially the same content. Reno sold both papers to Larry L. Stone and Ralph G. Utley in 1946. Beginning Sept. 19, 1946 only one issue appeared each week with the two mastheads alternating unpredictably. Last use of the Messenger masthead in 1971?</subfield></datafield><datafield ind1=" " ind2=" " tag="588"><subfield code="a">Description based on: Vol. 3, no. 24 (Sept. 15, 1932).</subfield></datafield><datafield ind1=" " ind2="0" tag="651"><subfield code="a">Central City (Ky.)</subfield><subfield code="v">Newspapers.</subfield></datafield><datafield ind1=" " ind2="0" tag="651"><subfield code="a">Muhlenberg County (Ky.)</subfield><subfield code="v">Newspapers.</subfield></datafield><datafield ind1=" " ind2="7" tag="655"><subfield code="a">Newspapers.</subfield><subfield code="2">fast</subfield><subfield code="0">(OCoLC)fst01423814</subfield></datafield><datafield ind1=" " ind2="7" tag="651"><subfield code="a">Kentucky</subfield><subfield code="z">Central City.</subfield><subfield code="2">fast</subfield><subfield code="0">(OCoLC)fst01219913</subfield></datafield><datafield ind1=" " ind2="7" tag="651"><subfield code="a">Kentucky</subfield><subfield code="z">Muhlenberg County.</subfield><subfield code="2">fast</subfield><subfield code="0">(OCoLC)fst01207200</subfield></datafield><datafield ind1=" " ind2=" " tag="752"><subfield code="a">United States</subfield><subfield code="b">Kentucky</subfield><subfield code="c">Muhlenberg</subfield><subfield code="d">Central City.</subfield></datafield><datafield ind1="1" ind2=" " tag="787"><subfield code="t">Times-Argus (Central City, Ky.)</subfield><subfield code="w">(DLC)sn 82015396</subfield><subfield code="w">(OCoLC)8807549</subfield></datafield></record>